% This file was created with Citavi 5.1.0.0

@book{adamy.2014,
 author = {Adamy, J{\"u}rgen},
 year = {2014},
 title = {Nichtlineare Systeme und Regelungen},
 keywords = {Engineering;Systems theory},
 edition = {2., bearb. u. erw. Aufl. 2014},
 publisher = {{Springer Berlin Heidelberg}},
 isbn = {364245013X},
 location = {Berlin, Heidelberg},
 series = {SpringerLink : B{\"u}cher},
 pagetotal = {Online-Ressource},
 file = {http://www.worldcat.org/oclc/882517986}
}


@book{Brown.1997,
 author = {Brown, Robert Grover and {Hwang, Patrick Y. C}},
 year = {1997},
 title = {Introduction to random signals and applied Kalman filtering},
 edition = {3rd ed},
 publisher = {Wiley},
 isbn = {0471128392},
 subtitle = {With MATLAB exercises and solutions},
 location = {New York},
 pagetotal = {xi, 484},
 file = {http://www.worldcat.org/oclc/34839808}
}


@article{Davila.2005,
 author = {Davila, J. and Fridman, L. and Levant, A. and {Hwang, Patrick Y. C} and Grover, R.},
 year = {2005},
 title = {Second-order sliding-mode observer for mechanical systems},
 urldate = {2015-08-25},
 pages = {1785--1789},
 pagination = {page},
 volume = {50},
 issn = {0018-9286},
 journaltitle = {IEEE Transactions on Automatic Control},
 shortjournal = {IEEE Trans. Automat. Contr.},
 doi = {10.1109/TAC.2005.858636},
 issue = {11},
 pagetotal = {5},
 file = {Davila, Fridman et al. 2005 - Second-order sliding-mode observer for mechanical:C\:\\Users\\Phillip\\Documents\\Citavi 5\\Projects\\masterarbeit\\Citavi Attachments\\Davila, Fridman et al. 2005 - Second-order sliding-mode observer for mechanical.pdf:pdf}
}

@online{schubert.2014,
	author = {Schubert, Elke},
	year = {2014},
	title = {Wie aktiviere ich -shell-escape in meinem Editor?},
	urldate = {2016-04-21},
	url ={http://texwelt.de/wissen/fragen/10341/wie-aktiviere-ich-shell-escape-in-meinem-editor}	
}

@online{kurt.2014,
	author = {Kurt},
	year = {2014},
	title = {How to create nomenclature using TeXnicCenter?},
	urldate = {2016-04-21},
	url ={http://tex.stackexchange.com/questions/196047/how-to-create-nomenclature-using-texniccenter}	
}
